<record><leader>00000cas a2200000 a 4500</leader><controlfield tag="001">11531518</controlfield><controlfield tag="008">841228d18951896hiuix ne      0    0jpnrd</controlfield><datafield ind1=" " ind2=" " tag="010"><subfield code="a">sn 84045374 </subfield></datafield><datafield ind1=" " ind2=" " tag="040"><subfield code="a">HUH</subfield><subfield code="b">eng</subfield><subfield code="c">HUH</subfield><subfield code="d">HWN</subfield><subfield code="d">OCL</subfield><subfield code="d">OCLCQ</subfield><subfield code="d">CRL</subfield><subfield code="d">OCLCF</subfield><subfield code="d">OCLCO</subfield><subfield code="d">OCL</subfield></datafield><datafield ind1="1" ind2=" " tag="029"><subfield code="a">AU@</subfield><subfield code="b">000015723728</subfield></datafield><datafield ind1=" " ind2=" " tag="042"><subfield code="a">msc</subfield></datafield><datafield ind1=" " ind2=" " tag="043"><subfield code="a">n-us-hi</subfield></datafield><datafield ind1="0" ind2="0" tag="245"><subfield code="a">Yamato =</subfield><subfield code="b">The Yamato.</subfield></datafield><datafield ind1=" " ind2=" " tag="260"><subfield code="a">Honolulu, H.I. :</subfield><subfield code="b">Yamato Shimbun Sha,</subfield><subfield code="c">1895-1896.</subfield></datafield><datafield ind1=" " ind2=" " tag="300"><subfield code="a">2 v. :</subfield><subfield code="b">ill.</subfield></datafield><datafield ind1=" " ind2=" " tag="310"><subfield code="a">3 issues per wk.,</subfield><subfield code="b">July-Aug. 1896</subfield></datafield><datafield ind1=" " ind2=" " tag="321"><subfield code="a">Semiweekly,</subfield><subfield code="b">Oct. 15, 1895-July 1896</subfield></datafield><datafield ind1="1" ind2=" " tag="362"><subfield code="a">Began Oct. 15, 1895; ceased in Aug. 1896.</subfield><subfield code="z">Cf. Matsuda, M. Japanese in Hawaii. Rev.</subfield></datafield><datafield ind1=" " ind2=" " tag="500"><subfield code="a">Editor: S. Anno.</subfield></datafield><datafield ind1=" " ind2=" " tag="546"><subfield code="a">In Japanese.</subfield></datafield><datafield ind1=" " ind2=" " tag="580"><subfield code="a">Continues: Hawai shinbun. Cf. Sakamaki, S. Hist. of the Japanese press in Hawaii.</subfield></datafield><datafield ind1=" " ind2=" " tag="588"><subfield code="a">Description based on: No. 2 (Oct. 19, 1895).</subfield></datafield><datafield ind1=" " ind2="0" tag="650"><subfield code="a">Japanese newspapers</subfield><subfield code="z">Hawaii.</subfield></datafield><datafield ind1=" " ind2="7" tag="650"><subfield code="a">Japanese newspapers.</subfield><subfield code="2">fast</subfield><subfield code="0">(OCoLC)fst00981873</subfield></datafield><datafield ind1=" " ind2="7" tag="651"><subfield code="a">Hawaii.</subfield><subfield code="2">fast</subfield><subfield code="0">(OCoLC)fst01208724</subfield></datafield><datafield ind1="1" ind2=" " tag="700"><subfield code="a">Anno, Shintaro&#772;.</subfield></datafield><datafield ind1=" " ind2=" " tag="752"><subfield code="a">United States</subfield><subfield code="b">Hawaii</subfield><subfield code="c">Honolulu</subfield><subfield code="d">Honolulu.</subfield></datafield><datafield ind1="1" ind2="0" tag="780"><subfield code="t">Hawai shinbun</subfield><subfield code="w">(DLC)sn 91099206</subfield><subfield code="w">(OCoLC)25007043</subfield></datafield><datafield ind1="0" ind2="0" tag="785"><subfield code="t">Yamato shinbun</subfield><subfield code="w">(DLC)sn 84045375</subfield><subfield code="w">(OCoLC)11531522</subfield></datafield></record>